% ------------------------------------- LIVROS --------------------------------------

@book{bondy1976graph,
  title={Graph theory with applications},
  author={Bondy, John Adrian and Murty, Uppaluri Siva Ramachandra and others},
  volume={290},
  year={1976},
  publisher={Macmillan London}
}

@book{bertot2013interactive,
  title={Interactive theorem proving and program development: Coq'Art: the calculus of inductive constructions},
  author={Bertot, Yves and Cast{\'e}ran, Pierre},
  year={2013},
  publisher={Springer Science \& Business Media}
}

@book{assia_mahboubi_2022_7118596,
  author       = {Assia Mahboubi and
                  Enrico Tassi},
  title        = {Mathematical Components},
  publisher    = {Zenodo},
  year         = 2022,
  month        = sep,
  doi          = {10.5281/zenodo.7118596},
  url          = {https://doi.org/10.5281/zenodo.7118596}
}

@book{chlipala2022certified,
  title={Certified programming with dependent types: a pragmatic introduction to the Coq proof assistant},
  author={Chlipala, Adam},
  year={2022},
  publisher={MIT Press}
}

@book{cormen2022introduction,
  title={Introduction to algorithms},
  author={Cormen, Thomas H and Leiserson, Charles E and Rivest, Ronald L and Stein, Clifford},
  year={2022},
  publisher={MIT press}
}

% ------------------------------------- ARTIGOS --------------------------------------

@article{wagner1937eigenschaft,
  title={{\"U}ber eine Eigenschaft der ebenen Komplexe},
  author={Wagner, Klaus},
  journal={Mathematische Annalen},
  volume={114},
  number={1},
  pages={570--590},
  year={1937},
  publisher={Springer}
}

@article{appel1976every,
  title={Every Planar Map is Four Colorable},
  author={APPEL, K and HAKEN, W},
  journal={American Mathematical Society},
  volume={82},
  number={5},
  year={1976}
}

@article{barras1999coq,
  title={The Coq proof assistant reference manual},
  author={Barras, Bruno and Boutin, Samuel and Cornes, Cristina and Courant, Judica{\"e}l and Coscoy, Yann and Delahaye, David and de Rauglaudre, Daniel and Filli{\^a}tre, Jean-Christophe and Gim{\'e}nez, Eduardo and Herbelin, Hugo and others},
  journal={INRIA, version},
  volume={6},
  number={11},
  year={1999}
}

@article{gonthier2008formal,
  title={Formal proof--the four-color theorem},
  author={Gonthier, Georges and others},
  journal={Notices of the AMS},
  volume={55},
  number={11},
  pages={1382--1393},
  year={2008}
}

@article{geuvers2009proof,
  title={Proof assistants: History, ideas and future},
  author={Geuvers, Herman},
  journal={Sadhana},
  volume={34},
  pages={3--25},
  year={2009},
  publisher={Springer}
}

@article{feofiloff2011introduccao,
  title={Uma introdu{\c{c}}{\~a}o sucinta {\`a} teoria dos grafos},
  author={Feofiloff, Paulo and Kohayakawa, Yoshiharu and Wakabayashi, Yoshiko},
  year={2011}
}

@article{Dijkstra_Shortest_Path-AFP,
  author  = {Benedikt Nordhoff and Peter Lammich},
  title   = {Dijkstra's Shortest Path Algorithm},
  journal = {Archive of Formal Proofs},
  month   = {January},
  year    = {2012},
  note    = {\url{https://isa-afp.org/entries/Dijkstra_Shortest_Path.html},
            Formal proof development},
  ISSN    = {2150-914x},
}

@mastersthesis{silva2019certificaccao,
  title={Uma certifica{\c{c}}{\~a}o em COQ do algoritmo W mon{\'a}dico. 2019. 78 p},
  author={SILVA, Rafael Castro Goncalves},
  year={2019},
  school={Universidade do Estado de Santa Catarina, Programa de Pós Graduação em Computação Aplicada}
}

@article{doczkal2020graph,
  title={Graph theory in Coq: Minors, treewidth, and isomorphisms},
  author={Doczkal, Christian and Pous, Damien},
  journal={Journal of Automated Reasoning},
  volume={64},
  pages={795--825},
  year={2020},
  publisher={Springer}
}

@article{avigad2021theorem,
  title={Theorem proving in Lean},
  author={Avigad, Jeremy and De Moura, Leonardo and Kong, Soonho},
  journal={Online: https://leanprover. github. io/theorem\_ proving\_ in\_ lean/theorem\_ proving\_ in\_ lean. pdf},
  year={2021}
}

@article{doczkal2021variant,
  title={A Variant of Wagner's Theorem Based on Combinatorial Hypermaps},
  author={Doczkal, Christian},
  year={2021}
}

% ---------------------------------- CONFERÊNCIAS --------------------------------------

@inproceedings{harrison2014history,
  title={History of Interactive Theorem Proving.},
  author={Harrison, John and Urban, Josef and Wiedijk, Freek},
  booktitle={Computational Logic},
  volume={9},
  pages={135--214},
  year={2014}
}

@inproceedings{leroy2016compcert,
  title={CompCert-a formally verified optimizing compiler},
  author={Leroy, Xavier and Blazy, Sandrine and K{\"a}stner, Daniel and Schommer, Bernhard and Pister, Markus and Ferdinand, Christian},
  booktitle={ERTS 2016: Embedded Real Time Software and Systems, 8th European Congress},
  year={2016}
}

@inproceedings{doczkal2020completeness,
  title={Completeness of an axiomatization of graph isomorphism via graph rewriting in Coq},
  author={Doczkal, Christian and Pous, Damien},
  booktitle={Proceedings of the 9th ACM SIGPLAN International Conference on Certified Programs and Proofs},
  pages={325--337},
  year={2020}
}

% ----------------------------------- CAPÍTULOS ----------------------------------------

@incollection{barendregt2001proof,
  title={Proof-assistants using dependent type systems},
  author={Barendregt, Henk and Geuvers, Herman},
  booktitle={Handbook of automated reasoning},
  pages={1149--1238},
  year={2001}
}

% ----------------------------------- MISCELÂNEAS ----------------------------------------


@misc{gonthier2005computer,
  title={A computer-checked proof of the four colour theorem},
  author={Gonthier, Georges},
  year={2005}
}